@article{chen2016,
  author  = {Tianqi Chen and Carlos Guestrin},
  title   = {XGBoost: A Scalable Tree Boosting System},
  journal = {Proceedings of the 22nd ACM SIGKDD International Conference on Knowledge Discovery and Data Mining},
  year    = {2016},
  pages   = {785--794}
}

@article{bulling2014,
  author = {Andreas Bulling and Ulf Blanke and Bernt Schiele},
  title = {A tutorial on human activity recognition using body-worn inertial sensors},
  journal = {ACM Computing Surveys (CSUR)},
  volume = {46},
  number = {3},
  year = {2014},
  pages = {33:1--33:33},
  doi = {10.1145/2499621}
}